% Books

@book{virtualizationfordummies,
    title={Virtualization for Dummies},
    author={Bernard Golden},
    year={2011},
    publisher={Wiley},
    url="https://books.google.fi/books?id=2ppZkdmpSlgC&lpg=PA54&hl=fi",
}

@book{linuxserversecurityhack,
    title={Linux Server Security â€“ Hack and Defend},
    author={Chris Binnie},
    year={2017},
    publisher={Wiley},
    url="https://books.google.fi/books?id=dfwdDAAAQBAJ&lpg=PP1&dq=linux%20server&hl=fi"
}

@book{informationsecurity,
    title={Information Securiy: Principles and Practices},
    author={Mark Stamp},
    year={2011},
    publisher={Wiley},
    url="https://books.google.fi/books?id=UW3SS9P9hdEC&lpg=PA12&ots=0XK6AbvcRA&dq=information%20security&lr&hl=fi"
}

@book{linuxserversecurity,
    title={Linux Server Security},
    author={Michael Bauer D.},
    year={2005},
    publisher={O'REILLY},
    url="https://books.google.fi/books?id=_-1jwRwNaEoC&lpg=PR26&ots=KxITq4vT-n&dq=linux%20security&lr&hl=fi"
}

@book{basicsofinformationsecurity,
    title={The Basics of Information Security: Understanding the Fundamentals of InfoSec in Theory and Practice},
    author={Jason Andress},
    year={2014},
    publisher={Elsevier},
    url="https://books.google.fi/books?id=9NI0AwAAQBAJ&lpg=PP1&hl=fi"
}

% Articles

@article{isaca,
    title={Auditing Linux/Unix Server Operating Systems},
    author={Muhammad Mushfiqur Rahman},
    journal={ISACA Journal},
    volume={11},
    year={2015},
    url = "https://www.isaca.org/resources/isaca-journal/issues/2015/volume-4/auditing-linuxunix-server-operating-systems",
}

@article{definitionofcyber,
    title={Towards a More Representative Definition of Cyber Security},
    author={Daniel Schatz, Rabih Bashroush, Julie Wall},
    journal={Journal of Digital Forensics, Security and Law},
    volume={12},
    number={2},
    year={2017},
    url = "https://commons.erau.edu/jdfsl/vol12/iss2/8/",
}

% Online

@online{w3cook,
    author = {W3Cook},
    title = {{Os Market Share and Usage Trends}},
    url = "https://web.archive.org/web/20150806093859/http://www.w3cook.com/os/summary/",
    year = {2015},
}

@online{openbookos,
    title = {Operating Systems},
    year={2017},
    author={Open Book Project Contributors},
    url = "http://openbookproject.net/courses/intro2ict/system/os_intro.html"
}

@online{mediumlinux,
    author = {The Info Valley},
    title = {What Is Linux: An Overview of the Linux Operating System},
    url = "https://medium.com/@theinfovalley097/what-is-linux-an-overview-of-the-linux-operating-system-77bc7421c7e5",
    year = {2019},
}

@online{statcounter,
    author = {StatCounter},
    title = {Desktop Operating System Market Share Worldwide},
    url = "https://hostingtribunal.com/blog/operating-systems-market-share/",
    year = {2020},
}

@online{cnet,
    author = {Gordon Gottsegen},
    title = {Apple is rethinking the hearing aid -- and now Android is, too},
    url = "https://www.cnet.com/news/apple-is-rethinking-the-hearing-aid-and-now-android-is-too/",
    year = {2018},
}

@online{itworld,
    author = {Jim Lynch},
    title = {Is Android really a Linux distribution?},
    url = "https://web.archive.org/web/20140205165359/http://www.itworld.com/open-source/369810/android-really-linux-distribution",
    year = {2013},
}

@online{itsfoss,
    author = {Abhishek Prakash},
    title = {Linux Runs on All of the Top 500 Supercomputers, Again!},
    url = "https://itsfoss.com/linux-runs-top-supercomputers/",
    year = {2019},
}

@online{w3techs,
    author = {W3Techs},
    title = {Usage statistics of operating systems for websites},
    url = "https://w3techs.com/technologies/overview/operating_system",
    year = {2020},
}

@online{tecmint,
    author = {Aaron Kili},
    title = {6 Reasons Why Linux is Better than Windows For Servers},
    url = "https://www.tecmint.com/why-linux-is-better-than-windows-for-servers/",
    year = {2017},
}

@online{paessler,
    author = {Paessler},
    title = {IT Explained: Server},
    year={2020},
    url = "https://www.paessler.com/it-explained/server"
}

@online{distrowatch,
    author = {DistroWatch},
    title = {DistroWatch Page Hit Ranking},
    year={2020},
    url = "https://distrowatch.com/dwres.php?resource=popularity"
}

@online{linuxcom,
    author = {Linux.com Editorial Staff},
    title = {Top 5 Linux Server Distributions},
    year={2019},
    url = "https://www.linux.com/topic/desktop/top-5-linux-server-distributions/",
}

@online{nist,
    author = {NIST CSRC},
    title = {Definition of Vulnerability},
    year={2020},
    url = "https://csrc.nist.gov/glossary/term/vulnerability",
}

@online{nist_ddos,
    author = {NIST CSRC},
    title = {Understanding Denial-of-Service Attacks},
    year={2009},
    url = "https://us-cert.cisa.gov/ncas/tips/ST04-015",
}

@online{wired_github_ddos,
    author = {Lily Hay Newman},
    title = {GitHub Survived the Biggest DDoS Attack Ever Recorded},
    year={2018},
    url = "https://www.wired.com/story/github-ddos-memcached/",
}

@online{wired_backdoor,
    author = {Kim Zetter},
    title = {Hacker Lexicon: What Is a Backdoor?},
    year={2014},
    url = "https://www.wired.com/2014/12/hacker-lexicon-backdoor/",
}
